@article{ryabko2004new,
  title={A new test for randomness and its application to some cryptographic problems},
  author={Ryabko, B Ya and Stognienko, VS and Shokin, Yu I},
  journal={Journal of statistical planning and inference},
  volume={123},
  number={2},
  pages={365--376},
  year={2004},
  publisher={Elsevier}
}


@incollection {elos2015weak,
    AUTHOR = {Elias, Yara and Lauter, Kristin and Ozman, Ekin and Stange, Katherine},
     TITLE = {Provably Weak Instances of Ring-LWE},
 BOOKTITLE = {Advances in Cryptology -- CRYPTO 2015},
    SERIES = {Lecture Notes in Comput. Sci.},
    VOLUME = {9215},
     PAGES = {63-92},
 PUBLISHER = {Springer, Heidelberg},
      YEAR = {2015},
       DOI = {10.1007/978-3-662-47989-6_4}
}

@manual{sage,
  Author = {W.\thinspace{}A. Stein and others},
  Key = {Sage},
  Note = {{\tt http://www.sagemath.org}},
  Organization = {The Sage Development Team},
  Title = {{S}age {M}athematics {S}oftware ({V}ersion 6.4)},
  Year = {2014}}




@inproceedings{gentry2008trapdoors,
  title={Trapdoors for hard lattices and new cryptographic constructions},
  author={Gentry, Craig and Peikert, Chris and Vaikuntanathan, Vinod},
  booktitle={Proceedings of the fortieth annual ACM symposium on Theory of computing},
  pages={197--206},
  year={2008},
  organization={ACM}
}

@incollection{lyubashevsky2013toolkit,
  title={A toolkit for ring-LWE cryptography},
  author={Lyubashevsky, Vadim and Peikert, Chris and Regev, Oded},
  booktitle={Advances in Cryptology--EUROCRYPT 2013},
  pages={35--54},
  year={2013},
  publisher={Springer}
}


@inproceedings{brakerski2012leveled,
  title={(Leveled) fully homomorphic encryption without bootstrapping},
  author={Brakerski, Zvika and Gentry, Craig and Vaikuntanathan, Vinod},
  booktitle={Proceedings of the 3rd Innovations in Theoretical Computer Science Conference},
  pages={309--325},
  year={2012},
  organization={ACM}
}


@incollection{ducas2012ring,
  title={Ring-LWE in polynomial rings},
  author={Ducas, L{\'e}o and Durmus, Alain},
  booktitle={Public Key Cryptography--PKC 2012},
  pages={34--51},
  year={2012},
  publisher={Springer}
}

@article{lyubashevsky2013ideal,
  title={On ideal lattices and learning with errors over rings},
  author={Lyubashevsky, Vadim and Peikert, Chris and Regev, Oded},
  journal={Journal of the ACM (JACM)},
  volume={60},
  number={6},
  pages={43},
  year={2013},
  publisher={ACM}
}

@incollection{eisentrager2014weak,
  title={Weak Instances of PLWE},
  author={Eisentr{\"a}ger, Kirsten and Hallgren, Sean and Lauter, Kristin},
  booktitle={Selected Areas in Cryptography--SAC 2014},
  pages={183--194},
  year={2014},
  publisher={Springer}
}

@article{johnston2011notes,
  title={Notes on Galois Modules},
  author={Johnston, Henri},
  journal={Notes accompanying the course Galois Modules given in Cambridge in},
  year={2011}
}

@article{langlois2014worst,
  title={Worst-case to average-case reductions for module lattices},
  author={Langlois, Adeline and Stehl{\'e}, Damien},
  journal={Designs, Codes and Cryptography},
  volume={75},
  number={3},
  pages={565--599},
  year={2014},
  publisher={Springer}
}

@incollection{gentry2012fully,
  title={Fully homomorphic encryption with polylog overhead},
  author={Gentry, Craig and Halevi, Shai and Smart, Nigel P},
  booktitle={Advances in Cryptology--EUROCRYPT 2012},
  pages={465--482},
  year={2012},
  publisher={Springer}
}

@incollection{stehle2011making,
  title={Making NTRU as secure as worst-case problems over ideal lattices},
  author={Stehl{\'e}, Damien and Steinfeld, Ron},
  booktitle={Advances in Cryptology--EUROCRYPT 2011},
  pages={27--47},
  year={2011},
  publisher={Springer}
}

@incollection{bos2013improved,
  title={Improved security for a ring-based fully homomorphic encryption scheme},
  author={Bos, Joppe W and Lauter, Kristin and Loftus, Jake and Naehrig, Michael},
  booktitle={Cryptography and Coding},
  pages={45--64},
  year={2013},
  publisher={Springer}
}

@article{brakerski2014efficient,
  title={Efficient fully homomorphic encryption from (standard) LWE},
  author={Brakerski, Zvika and Vaikuntanathan, Vinod},
  journal={SIAM Journal on Computing},
  volume={43},
  number={2},
  pages={831--871},
  year={2014},
  publisher={SIAM}
}

@incollection{brakerski2011fully,
  title={Fully homomorphic encryption from ring-LWE and security for key dependent messages},
  author={Brakerski, Zvika and Vaikuntanathan, Vinod},
  booktitle={Advances in Cryptology--CRYPTO 2011},
  pages={505--524},
  year={2011},
  publisher={Springer}
}

@inproceedings{lopez2012fly,
  title={On-the-fly multiparty computation on the cloud via multikey fully homomorphic encryption},
  author={L{\'o}pez-Alt, Adriana and Tromer, Eran and Vaikuntanathan, Vinod},
  booktitle={Proceedings of the forty-fourth annual ACM symposium on Theory of computing},
  pages={1219--1234},
  year={2012},
  organization={ACM}
}